<record><leader>00000cas a2200000 a 4500</leader><controlfield tag="001">36466044</controlfield><controlfield tag="008">970228d19951995ilumn n       0   a0eng c</controlfield><datafield ind1=" " ind2=" " tag="010"><subfield code="a">sn2002061133</subfield></datafield><datafield ind1=" " ind2=" " tag="040"><subfield code="a">IHI</subfield><subfield code="b">eng</subfield><subfield code="c">IHI</subfield><subfield code="d">OCL</subfield><subfield code="d">NVF</subfield><subfield code="d">OCLCQ</subfield><subfield code="d">OCLCF</subfield><subfield code="d">OCLCO</subfield><subfield code="d">NVF</subfield></datafield><datafield ind1=" " ind2=" " tag="042"><subfield code="a">pcc</subfield></datafield><datafield ind1=" " ind2=" " tag="043"><subfield code="a">n-us-il</subfield></datafield><datafield ind1="0" ind2="4" tag="082"><subfield code="a">071.7366</subfield></datafield><datafield ind1="0" ind2=" " tag="130"><subfield code="a">Optimist (Champaign, Ill.)</subfield></datafield><datafield ind1="1" ind2="4" tag="245"><subfield code="a">The optimist.</subfield></datafield><datafield ind1="1" ind2=" " tag="246"><subfield code="i">Published Feb.-Oct. 1995 as:</subfield><subfield code="a">Champaign-Urbana optimist</subfield></datafield><datafield ind1="3" ind2=" " tag="246"><subfield code="a">Champaign Urbana optimist</subfield></datafield><datafield ind1=" " ind2=" " tag="260"><subfield code="a">Champaign, Ill. :</subfield><subfield code="b">Electric Pictures,</subfield><subfield code="c">1995.</subfield></datafield><datafield ind1=" " ind2=" " tag="300"><subfield code="a">v.</subfield></datafield><datafield ind1=" " ind2=" " tag="310"><subfield code="a">Monthly (except Jan. and July)</subfield></datafield><datafield ind1="0" ind2=" " tag="362"><subfield code="a">Vol. 1, issue 1 (Dec. 1995)-v. 1, issue 9 (Oct. 1995).</subfield></datafield><datafield ind1=" " ind2=" " tag="500"><subfield code="a">"Champaign-Urbana's alternative."</subfield></datafield><datafield ind1=" " ind2="0" tag="651"><subfield code="a">Champaign (Ill.)</subfield><subfield code="v">Newspapers.</subfield></datafield><datafield ind1=" " ind2="0" tag="651"><subfield code="a">Urbana (Ill.)</subfield><subfield code="v">Newspapers.</subfield></datafield><datafield ind1=" " ind2="7" tag="651"><subfield code="a">Illinois</subfield><subfield code="z">Champaign.</subfield><subfield code="2">fast</subfield><subfield code="0">(OCoLC)fst01207150</subfield></datafield><datafield ind1=" " ind2="7" tag="651"><subfield code="a">Illinois</subfield><subfield code="z">Urbana.</subfield><subfield code="2">fast</subfield><subfield code="0">(OCoLC)fst01211927</subfield></datafield><datafield ind1=" " ind2="7" tag="655"><subfield code="a">Newspapers.</subfield><subfield code="2">fast</subfield><subfield code="0">(OCoLC)fst01423814</subfield></datafield><datafield ind1=" " ind2=" " tag="752"><subfield code="a">United States</subfield><subfield code="b">Illinois</subfield><subfield code="c">Champaign County</subfield><subfield code="d">Champaign.</subfield></datafield><datafield ind1="0" ind2="0" tag="785"><subfield code="t">Octopus (Champaign, Ill.)</subfield><subfield code="w">(DLC)sn2002061134</subfield><subfield code="w">(OCoLC)34257042</subfield></datafield><datafield ind1="1" ind2=" " tag="029"><subfield code="a">AU@</subfield><subfield code="b">000024312526</subfield></datafield></record>